%Autor. (año última actualización). Título en cursiva. Recuperado fecha de consulta, desde la dirección URL

%Un ejemplo sería:

%Modern Language Association. (2003). MLA Style. Recuperado 30 abril 2004, desde http://www.mla.org/style



%----------------------------------------------------------------------------------------
%	Cuestión 1
%----------------------------------------------------------------------------------------

@article{enlace1,
	author = "CentOS Deployment Guide",
	title = "\textit{Chapter 35. Log Files} ",
	year = "Recuperado el 1 de diciembre de 2016, desde: ",
	note ="\url{https://www.centos.org/docs/5/html/Deployment_Guide-en-US/ch-logfiles.html} ",
}

@article{enlace2,
	author = "Jered Heeschen",
	title = "\textit{Understanding logrotate utility} ",
	year = "Recuperado el 1 de diciembre de 2016, desde: ",
	note ="\url{https://support.rackspace.com/how-to/understanding-logrotate-utility/} ",
}


%----------------------------------------------------------------------------------------
%	Cuestión 2
%----------------------------------------------------------------------------------------

@article{enlace3,
	author = "CentOS Deployment Guide",
	title = "\textit{Chapter 35.1.1. Configuring Cron Tasks} ",
	year = "Recuperado el 1 de diciembre de 2016, desde: ",
	note ="\url{https://www.centos.org/docs/5/html/5.2/Deployment_Guide/s2-autotasks-cron-configuring.html} ",
}

%----------------------------------------------------------------------------------------
%	Cuestión 3
%----------------------------------------------------------------------------------------

@article{enlace4,
	author = "SCSI Seagate Manual",
	title = "\textit{3.13 MODE SENSE(6) command} ",
	year = "Recuperado el 1 de diciembre de 2016, desde: ",
	note ="\url{http://www.seagate.com/staticfiles/support/disc/manuals/scsi/100293068a.pdf} ",
}

%----------------------------------------------------------------------------------------
%	Cuestión 6
%----------------------------------------------------------------------------------------

@article{enlace5,
	author = "Página oficial de Munin",
	title = "\textit{Demo Munin-Monitoring: diskstats-iops} ",
	year = "Recuperado el 4 de diciembre de 2016, desde: ",
	note ="\url{http://demo.munin-monitoring.org/munin-monitoring.org/demo.munin-monitoring.org/diskstats_iops/sda.html} ",
}

@article{enlace6,
	author = "Página oficial de Munin",
	title = "\textit{Demo Munin-Monitoring: load} ",
	year = "Recuperado el 4 de diciembre de 2016, desde: ",
	note ="\url{http://demo.munin-monitoring.org/munin-monitoring.org/buildd.munin-monitoring.org/load.html} ",
}

@article{enlace7,
	author = "Página oficial de Munin",
	title = "\textit{Demo Munin-Monitoring: processes} ",
	year = "Recuperado el 4 de diciembre de 2016, desde: ",
	note ="\url{http://demo.munin-monitoring.org/munin-monitoring.org/buildd.munin-monitoring.org/processes.html} ",
}

%----------------------------------------------------------------------------------------
%	Cuestión 7
%----------------------------------------------------------------------------------------

@article{enlace8,
	author = "Lee Latham",
	title = "\textit{Sysadmin Tips and Tricks - Using strace to Monitor System Calls} ",
	year = "Recuperado el 4 de diciembre de 2016, desde: ",
	note ="\url{http://blog.softlayer.com/2013/sysadmin-tips-and-tricks-using-strace-to-monitor-system-calls#utm_source=twitter&utm_medium=social&utm_content=beyond-the-command-line-with-strace&utm_campaign=blog_development-tips-and-tricks} ",
}

%----------------------------------------------------------------------------------------
%	Cuestión 8
%----------------------------------------------------------------------------------------

@article{enlace9,
	author = "Phyton Docs",
	title = "\textit{The Python Profilers} ",
	year = "Recuperado el 4 de diciembre de 2016, desde: ",
	note ="\url{http://docs.python.org/2/library/profile.html} ",
}

@article{enlace10,
	author = "Josef Weidendorfer",
	title = "\textit{KCachegrind} ",
	year = "Recuperado el 5 de diciembre de 2016, desde: ",
	note ="\url{https://kcachegrind.github.io/html/Home.html} ",
}

%----------------------------------------------------------------------------------------
%	Cuestión 9
%----------------------------------------------------------------------------------------

@article{enlace11,
	author = "Documentación MySQL",
	title = "\textit{14.7.5.30 SHOW PROFILE Syntax} ",
	year = "Recuperado el 4 de diciembre de 2016, desde: ",
	note ="\url{http://dev.mysql.com/doc/refman/5.7/en/show-profile.html} ",
}

%----------------------------------------------------------------------------------------
%	Cuestión opcional 2
%----------------------------------------------------------------------------------------

@article{enlace12,
	author = "Documentación Nagios",
	title = "\textit{Nagios Core – Installing on Centos 7} ",
	year = "Recuperado el 7 de diciembre de 2016, desde: ",
	note ="\url{https://assets.nagios.com/downloads/nagioscore/docs/Nagios-Core-Installing-On-Centos7.pdf} ",
}

%----------------------------------------------------------------------------------------
%	Cuestión opcional 4
%----------------------------------------------------------------------------------------

@article{enlace12,
	author = "Zabbix Documentation 3.0",
	title = "\textit{1 Repository installation For Red Hat Enterprise Linux / CentOS} ",
	year = "Recuperado el 7 de diciembre de 2016, desde: ",
	note ="\url{https://www.zabbix.com/documentation/3.0/manual/installation/install_from_packages/repository_installation} ",
}