%Autor. (año última actualización). Título en cursiva. Recuperado fecha de consulta, desde la dirección URL

%Un ejemplo sería:

%Modern Language Association. (2003). MLA Style. Recuperado 30 abril 2004, desde http://www.mla.org/style



%----------------------------------------------------------------------------------------
%	Cuestión 1
%----------------------------------------------------------------------------------------

@article{enlace1,
	author = "Linux Man Page",
	title = "\textit{Sysctl} ",
	year = "Recuperado el 14 de enero de 2017, desde: ",
	note ="\url{https://linux.die.net/man/8/sysctl} ",
}

@article{enlace2,
	author = "Linux Man Page",
	title = "\textit{sysctl.conf} ",
	year = "Recuperado el 14 de enero de 2017, desde: ",
	note ="\url{https://linux.die.net/man/5/sysctl.conf} ",
}

@article{enlace3,
	author = "Help Ubuntu",
	title = "\textit{What is swappiness and how do I change it?} ",
	year = "Recuperado el 14 de enero de 2017, desde: ",
	note ="\url{https://help.ubuntu.com/community/SwapFaq#What_is_swappiness_and_how_do_I_change_it.3F} ",
}


%----------------------------------------------------------------------------------------
%	Cuestión 2
%----------------------------------------------------------------------------------------

@article{enlace4,
	author = "Linux Reviews",
	title = "\textit{Kernel panic} ",
	year = "Recuperado el 14 de enero de 2017, desde: ",
	note ="\url{http://en.linuxreviews.org/Kernel_panic} ",
}

@article{enlace5,
author = "Kernel Page",
title = "\textit{ctrl-alt-del} ",
year = "Recuperado el 14 de enero de 2017, desde: ",
note ="\url{https://www.kernel.org/doc/Documentation/sysctl/kernel.txt} ",
}

@article{enlace6,
	author = "Christoph Lameter",
	title = "\textit{Stat interval} ",
	year = "Recuperado el 14 de enero de 2017, desde: ",
	note ="\url{https://www.kernel.org/doc/Documentation/kernel-per-CPU-kthreads.txt} ",
}



%----------------------------------------------------------------------------------------
%	Cuestión 3
%----------------------------------------------------------------------------------------

@article{enlace7,
	author = "Microsoft",
	title = "\textit{Copia de seguridad del registro} ",
	year = "Recuperado el 14 de enero de 2017, desde: ",
	note ="\url{https://support.microsoft.com/es-co/help/322756/how-to-back-up-and-restore-the-registry-in-windows} ",
}

@article{enlace8,
	author = "Eric Arnol-Martin",
	title = "\textit{SMARegistry} ",
	year = "Recuperado el 14 de enero de 2017, desde: ",
	note ="\url{http://smartregistry.tk/} ",
}



%----------------------------------------------------------------------------------------
%	Cuestión 4
%----------------------------------------------------------------------------------------

@article{enlace9,
	author = "Moodle Main Page",
	title = "\textit{Performance recommendations} ",
	year = "Recuperado el 14 de enero de 2017, desde: ",
	note ="\url{https://docs.moodle.org/28/en/Performance_recommendations#Apache_performance} ",
}



%----------------------------------------------------------------------------------------
%	Cuestión 5
%----------------------------------------------------------------------------------------

@article{enlace10,
	author = "Curl Man Page",
	title = "\textit{Tool Documentation} ",
	year = "Recuperado el 14 de enero de 2017, desde: ",
	note ="\url{https://curl.haxx.se/docs/manpage.html} ",
}

@article{enlace11,
	author = "IIS Manager",
	title = "\textit{Open IIS Manager} ",
	year = "Recuperado el 14 de enero de 2017, desde: ",
	note ="\url{https://technet.microsoft.com/en-us/library/cc770472(v=ws.10).aspx} ",
}


