%----------------------------------------------------------------------------------------
%	Cuestión 1
%----------------------------------------------------------------------------------------

@misc{enlace3,
	author = "Linux man page",
	title = "\url{https://linux.die.net/man/5/yum.conf}",
}

@misc{enlace4,
	author = "Linux man page",
	title = "\url{http://man7.org/linux/man-pages/man1/yum-config-manager.1.html}",
}

@misc{enlace5,
	author = "Docs Centos",
	title = "\url{https://www.centos.org/docs/5/html/5.1/Deployment_Guide/s1-yum-useful-commands.html}",
}

%----------------------------------------------------------------------------------------
%	Cuestión 2
%----------------------------------------------------------------------------------------

@misc{enlace6,
	author = "Ubuntu Help page",
	title = "\url{https://help.ubuntu.com/lts/serverguide/apt.html}",
}

@misc{enlace7,
	author = "Linux man page",
	title = "\url{https://linux.die.net/man/5/apt.conf}",
}

@misc{enlace8,
	author = "Ubuntu Help page",
	title = "\url{https://help.ubuntu.com/community/AptGet/Howto#Setting_up_apt-get_to_use_a_http-proxy}",
}

@misc{enlace9,
	author = "Linux man page",
	title = "\url{https://linux.die.net/Bash-Beginners-Guide/sect_03_01.html}",
}

@misc{enlace10,
	author = "Linux man page",
	title = "\url{http://manpages.ubuntu.com/manpages/wily/man1/add-apt-repository.1.html}",
}

@misc{enlace11,
	author = "Ubuntu Help page",
	title = "\url{https://help.ubuntu.com/community/Repositories/CommandLine}",
}

%----------------------------------------------------------------------------------------
%	Cuestión 3
%----------------------------------------------------------------------------------------

@misc{enlace12,
	author = "Ubuntu Help page",
	title = "\url{https://help.ubuntu.com/community/UFW}",
}

@misc{enlace13,
	author = "RedHat Documentation page",
	title = "\url{https://access.redhat.com/documentation/en-US/Red_Hat_Enterprise_Linux/7/html/Security_Guide/sec-Using_Firewalls.html}",
}

@misc{enlace14,
	author = "Fedora Documentation page",
	title = "\url{https://fedoraproject.org/wiki/FirewallD/es#Puertos_y_Protocolos}",
}

@misc{enlace15,
	author = "Nmap man page",
	title = "\url{https://nmap.org/book/man.html}",
}

%----------------------------------------------------------------------------------------
%	Cuestión 4
%----------------------------------------------------------------------------------------

@misc{enlace1,
	author = "IETF Documents",
	title = "\url{https://tools.ietf.org/html/rfc854}",
}

@misc{enlace2,
	author = "IETF Documents",
	title = "\url{https://tools.ietf.org/html/rfc4253}",
}

%----------------------------------------------------------------------------------------
%	Cuestión 5
%----------------------------------------------------------------------------------------

@misc{enlace16,
	author = "OpenBsd man page",
	title = "\url{http://man.openbsd.org/ssh}",
}

%----------------------------------------------------------------------------------------
%	Cuestión 6
%----------------------------------------------------------------------------------------

@misc{enlace17,
	author = "Linux man page",
	title = "\url{https://linux.die.net/man/1/ssh-keygen}",
}

@misc{enlace18,
	author = "Linux man page",
	title = "\url{https://linux.die.net/man/1/ssh-copy-id}",
}

%----------------------------------------------------------------------------------------
%	Cuestión 7
%----------------------------------------------------------------------------------------

@misc{enlace19,
	author = "Linux man page",
	title = "\url{https://linux.die.net/man/5/ssh_config}",
}

%----------------------------------------------------------------------------------------
%	Cuestión 8
%----------------------------------------------------------------------------------------

@misc{enlace20,
	author = "Ubuntu man page",
	title = "\url{https://wiki.ubuntu.com/SystemdForUpstartUsers}",
}

@misc{enlace21,
	title = "\url{https://www.servernoobs.com/centos-and-rhel-7-restart-stop-start-networking-commands/}",
}

%----------------------------------------------------------------------------------------
%	Cuestión 9
%----------------------------------------------------------------------------------------

@misc{enlace22,
	author = "Ubuntu help page",
	title = "\url{https://help.ubuntu.com/community/ApacheMySQLPHP}",
	year = "consultado el 19 de noviembre de 2016",
}

@misc{enlace23,
	author = "Linux tutorials page",
	title = "\url{https://www.howtoforge.com/apache_php_mysql_on_centos_7_lamp}",
}

%----------------------------------------------------------------------------------------
%	Cuestión 10
%----------------------------------------------------------------------------------------

@misc{enlace23,
	author = "Microsoft page",
	title = "\url{https://www.iis.net/learn/install/installing-iis-85/installing-iis-85-on-windows-server-2012-r2}"
}

%----------------------------------------------------------------------------------------
%	Cuestión 11
%----------------------------------------------------------------------------------------

@misc{enlace24,
	author = "Debian page",
	title = "\url{https://debian-handbook.info/browse/stable/sect.kernel-compilation.html}",
}

%----------------------------------------------------------------------------------------
%	Cuestión 12
%----------------------------------------------------------------------------------------

@misc{enlace25,
	author = "Linux tutorials page",
	title = "\url{http://lintut.com/how-to-install-webmin-on-centos-7/}",
}

%----------------------------------------------------------------------------------------
%	Cuestión 13
%----------------------------------------------------------------------------------------

@misc{enlace25,
	author = "Digital Ocean Community page",
	title = "\url{https://www.digitalocean.com/community/tutorials/how-to-install-and-secure-phpmyadmin-with-apache-on-a-centos-7-server}",
}

@misc{enlace26,
	author = "Drupal Community page",
	title = "\url{https://www.drupal.org/docs/7/managing-site-performance/increase-upload-size-in-your-phpini}",
}

%----------------------------------------------------------------------------------------
%	Cuestión 14
%----------------------------------------------------------------------------------------

@misc{enlace27,
	author = "ISPconfig page",
	title = "\url{http://www.ispconfig.org/}",
}

%----------------------------------------------------------------------------------------
%	Cuestión 15
%----------------------------------------------------------------------------------------

@misc{enlace27,
	author = "GNU page",
	title = "\url{https://www.gnu.org/software/sed/manual/sed.txt}",
	year = "consultado el 21 de noviembre de 2016",
}

@misc{enlace28,
	author = "Javier Peces, BULMA",
	title = "\url{http://www.linux-es.org/node/31}",
}

%----------------------------------------------------------------------------------------
%	Cuestión 16
%----------------------------------------------------------------------------------------

@misc{enlace29,
	author = "Carlos Picca",
	title = "\url{http://codehero.co/python-desde-cero-manejo-de-archivos/}",
}


%----------------------------------------------------------------------------------------
%	Cuestión opcional 2
%----------------------------------------------------------------------------------------

@misc{enlace21,
	author = "Digital Ocean Community page",
	title = "\url{https://www.digitalocean.com/community/tutorials/how-to-protect-ssh-with-fail2ban-on-centos-7}",
	year = "consultado el 18 de noviembre de 2016",
}

%----------------------------------------------------------------------------------------
%	Cuestión opcional 3
%----------------------------------------------------------------------------------------

@misc{enlace30,
	author = "Ubuntu help page",
	title = "\url{https://help.ubuntu.com/community/RKhunter}",
}

%----------------------------------------------------------------------------------------
%	Cuestión opcional 5
%----------------------------------------------------------------------------------------

@misc{enlace31,
	author = "Digital Ocean Community page",
	title = "\url{https://www.digitalocean.com/community/tutorials/how-to-install-mongodb-on-centos-7}",
}


