%Autor. (año última actualización). Título en cursiva. Recuperado fecha de consulta, desde la dirección URL

%Un ejemplo sería:

%Modern Language Association. (2003). MLA Style. Recuperado 30 abril 2004, desde http://www.mla.org/style



%----------------------------------------------------------------------------------------
%	Cuestión 1
%----------------------------------------------------------------------------------------

@article{enlace1,
	author = "Phoronix Deployment Guide",
	title = "\textit{Installation Instructions} ",
	year = "Recuperado el 1 de diciembre de 2016, desde: ",
	note ="\url{http://www.phoronix-test-suite.com/documentation/phoronix-test-suite.html} ",
}

@article{enlace2,
	author = "Phoronix downloads page",
	title = "\textit{Download universal Linux version} ",
	year = "Recuperado el 1 de diciembre de 2016, desde: ",
	note ="\url{http://www.phoronix-test-suite.com/?k=downloads} ",
}

@article{enlace3,
	author = "Rhett M. Hollander",
	title = "\textit{RAMspeed, a cache and memory benchmarking tool} ",
	year = "Recuperado el 1 de diciembre de 2016, desde: ",
	note ="\url{http://alasir.com/software/ramspeed/} ",
}


%----------------------------------------------------------------------------------------
%	Cuestión 2
%----------------------------------------------------------------------------------------

@article{enlace4,
	author = "Docs Apache",
	title = "\textit{ab - Apache HTTP server benchmarking tool} ",
	year = "Recuperado el 1 de diciembre de 2016, desde: ",
	note ="\url{https://httpd.apache.org/docs/2.4/programs/ab.html} ",
}

@article{enlace5,
author = "Linux Man Page",
title = "\textit{top(1)} ",
year = "Recuperado el 1 de diciembre de 2016, desde: ",
note ="\url{https://linux.die.net/man/1/top} ",
}


%----------------------------------------------------------------------------------------
%	Cuestión 3
%----------------------------------------------------------------------------------------

@article{enlace6,
	author = "Docs Gnuplot",
	title = "\textit{gnuplot 5.0} ",
	year = "Recuperado el 1 de diciembre de 2016, desde: ",
	note ="\url{http://www.gnuplot.info/docs_5.0/gnuplot.pdf} ",
}

%----------------------------------------------------------------------------------------
%	Cuestión 4
%----------------------------------------------------------------------------------------

@article{enlace7,
	author = "Apache JMeter",
	title = "\textit{Download Apache JMeter} ",
	year = "Recuperado el 1 de diciembre de 2016, desde: ",
	note ="\url{http://jmeter.apache.org/download_jmeter.cgi} ",
}

@article{enlace8,
	author = "Apache JMeter",
	title = "\textit{Building a Web Test Plan} ",
	year = "Recuperado el 1 de diciembre de 2016, desde: ",
	note ="\url{http://jmeter.apache.org/usermanual/build-web-test-plan.html} ",
}

%----------------------------------------------------------------------------------------
%	Cuestión 5
%----------------------------------------------------------------------------------------

@article{enlace9,
	author = "Apache JMeter",
	title = "\textit{Download Apache JMeter} ",
	year = "Recuperado el 1 de diciembre de 2016, desde: ",
	note ="\url{http://jmeter.apache.org/download_jmeter.cgi} ",
}

